@article{ref:paxos,
      title={Paxos made simple},
        author={Lamport, Leslie and others},
          journal={ACM Sigact News},
            volume={32},
              number={4},
                pages={18--25},
                  year={2001}
}

@inproceedings{ref:raft,
      title={In search of an understandable consensus algorithm},
        author={Ongaro, Diego and Ousterhout, John},
          booktitle={2014 $\{$USENIX$\}$ Annual Technical Conference ($\{$USENIX$\}$ $\{$ATC$\}$ 14)},
            pages={305--319},
              year={2014}
}
